<record><leader>00000cas a22000007a 4500</leader><controlfield tag="001">8810858</controlfield><controlfield tag="008">820927d19351938cauwr ne      0   a0eng  </controlfield><datafield ind1=" " ind2=" " tag="010"><subfield code="a">sn 82015446 </subfield></datafield><datafield ind1=" " ind2=" " tag="040"><subfield code="a">DLC</subfield><subfield code="b">eng</subfield><subfield code="c">DLC</subfield><subfield code="d">OCLCQ</subfield></datafield><datafield ind1=" " ind2=" " tag="042"><subfield code="a">msc</subfield></datafield><datafield ind1="0" ind2="0" tag="050"><subfield code="a">Newspaper 7114-X</subfield></datafield><datafield ind1="0" ind2="4" tag="245"><subfield code="a">The Ontario outlook.</subfield></datafield><datafield ind1=" " ind2=" " tag="260"><subfield code="a">Ontario, Calif. :</subfield><subfield code="b">Outlook Pub. Co.</subfield></datafield><datafield ind1=" " ind2=" " tag="300"><subfield code="a">v. :</subfield><subfield code="b">ill. ;</subfield><subfield code="c">69 cm.</subfield></datafield><datafield ind1=" " ind2=" " tag="310"><subfield code="a">Weekly</subfield></datafield><datafield ind1="1" ind2=" " tag="362"><subfield code="a">Began in 1935.</subfield><subfield code="z">Cf. Ayer, 1937.</subfield></datafield><datafield ind1="1" ind2=" " tag="362"><subfield code="a">Ceased in 1938?</subfield><subfield code="z">Cf. Newspapers in Microform: U.S., 1948-1972.</subfield></datafield><datafield ind1=" " ind2=" " tag="588"><subfield code="a">Description based on: Vol. 2, no. 50 (Apr. 16, 1927).</subfield></datafield><datafield ind1=" " ind2=" " tag="752"><subfield code="a">United States</subfield><subfield code="b">California</subfield><subfield code="c">San Bernardino</subfield><subfield code="d">Ontario.</subfield></datafield><datafield ind1="0" ind2="7" tag="785"><subfield code="t">Ontario herald</subfield></datafield><datafield ind1="0" ind2="7" tag="785"><subfield code="t">Ontario herald and outlook</subfield></datafield><datafield ind1="1" ind2=" " tag="029"><subfield code="a">AU@</subfield><subfield code="b">000025831088</subfield></datafield></record>